<record><leader>00000cas a22000007a 4500</leader><controlfield tag="001">34630914</controlfield><controlfield tag="008">960425d18901929vauwr ne      0    0eng d</controlfield><datafield ind1=" " ind2=" " tag="010"><subfield code="a">sn 96094026 </subfield></datafield><datafield ind1=" " ind2=" " tag="040"><subfield code="a">NVK</subfield><subfield code="b">eng</subfield><subfield code="c">NVK</subfield><subfield code="d">OCLCQ</subfield><subfield code="d">NVK</subfield><subfield code="d">OCLCQ</subfield><subfield code="d">OCLCF</subfield><subfield code="d">OCLCO</subfield></datafield><datafield ind1="1" ind2=" " tag="029"><subfield code="a">AU@</subfield><subfield code="b">000012446470</subfield></datafield><datafield ind1=" " ind2=" " tag="042"><subfield code="a">msc</subfield></datafield><datafield ind1=" " ind2=" " tag="043"><subfield code="a">n-us-va</subfield></datafield><datafield ind1="0" ind2=" " tag="130"><subfield code="a">News (South Boston, Va.)</subfield></datafield><datafield ind1="1" ind2="4" tag="245"><subfield code="a">The News.</subfield></datafield><datafield ind1=" " ind2=" " tag="260"><subfield code="a">South Boston, Va. :</subfield><subfield code="b">R.C. Beazley</subfield></datafield><datafield ind1=" " ind2=" " tag="300"><subfield code="a">v. ;</subfield><subfield code="c">56 cm.</subfield></datafield><datafield ind1=" " ind2=" " tag="300"><subfield code="a">Weekly.</subfield></datafield><datafield ind1="1" ind2=" " tag="362"><subfield code="a">Began Sept. 5, 1890 ; ceased in 1929?</subfield></datafield><datafield ind1=" " ind2=" " tag="500"><subfield code="a">Publisher varies.</subfield></datafield><datafield ind1=" " ind2=" " tag="588"><subfield code="a">Description based on: Vol. 3, no. 25 (Feb. 23, 1893).</subfield></datafield><datafield ind1=" " ind2="0" tag="651"><subfield code="a">South Boston (Va.)</subfield><subfield code="v">Newspapers.</subfield></datafield><datafield ind1=" " ind2="0" tag="651"><subfield code="a">Halifax County (Va.)</subfield><subfield code="v">Newspapers.</subfield></datafield><datafield ind1=" " ind2="7" tag="655"><subfield code="a">Newspapers.</subfield><subfield code="2">fast</subfield><subfield code="0">(OCoLC)fst01423814</subfield></datafield><datafield ind1=" " ind2="7" tag="651"><subfield code="a">Virginia</subfield><subfield code="z">Halifax County.</subfield><subfield code="2">fast</subfield><subfield code="0">(OCoLC)fst01205211</subfield></datafield><datafield ind1=" " ind2="7" tag="651"><subfield code="a">Virginia</subfield><subfield code="z">South Boston.</subfield><subfield code="2">fast</subfield><subfield code="0">(OCoLC)fst01224823</subfield></datafield><datafield ind1=" " ind2=" " tag="752"><subfield code="a">United States</subfield><subfield code="b">Virginia</subfield><subfield code="c">Halifax</subfield><subfield code="d">South Boston.</subfield></datafield><datafield ind1="0" ind2="0" tag="785"><subfield code="t">South Boston news (South Boston, Va.)</subfield><subfield code="w">(DLC)sn 98068317</subfield></datafield></record>